@misc{openmp,
  author = {{OpenMP Architecture Review Board}},
  title = {{OpenMP} Application Program Interface Version 4.5},
  month = november,
  year = 2015,
  url = {https://www.openmp.org/wp-content/uploads/openmp-4.5.pdf}
}

@misc{cirrus,
  author = {{EPCC}},
  title = {{Cirrus}},
  year = 2019,
  url = {https://www.cirrus.ac.uk},
}

@misc{ifort,
  author = {{Intel}},
  title  = {{Intel Fortran Compiler 17.0 for Linux}},
  year   = 2016,
  url    = {https://software.intel.com/en-us/articles/intel-fortran-compiler-170-for-linux-release-notes-for-intel-parallel-studio-xe-2017}
}
