@techreport{mpi,
 author = {{Message Passing Interface Forum}},
 title = {{MPI: A Message-Passing Interface Standard Version 3.1}},
 year = {2015},
 url = {https://www.mpi-forum.org/docs/mpi-3.1/mpi31-report.pdf}
 publisher = {University of Tennessee},
 address = {Knoxville, TN, USA},
}

@misc{cirrus,
  author = {{EPCC}},
  title = {{Cirrus}},
  year = 2019,
  url = {https://www.cirrus.ac.uk},
}

@misc{b1,
  author = {{B1605\-09}},
  title = {{Threaded Programming coursework I: benchmarking OpenMP schedules}},
  year = 2019,
}

@misc{sum_types,
  author = {{Chad Austin}},
  title = {{Sum Types Are Coming: What You Should Know}},
  year = 2015,
  url = {https://chadaustin.me/2015/07/sum-types/},
}

@misc{rust,
  author = {{The Rust Team}},
  title = {{Rust Version 1.39.0}},
  year = 2019,
  url = {https://www.rust-lang.org/},
}

@misc{swift,
  author = {{Apple Inc.}},
  title = {{The Swift Programming Language}},
  year = 2019,
  url = {https://swift.org/},
}

@book{cormen,
author={Cormen, Thomas and Leiserson, Charles and Rivest, Ronald
  and Stein, Cliffort},
publisher = {MIT Press},
isbn = {9780262033848},
year = {2009},
title = {Introduction to algorithms},
edition = {3rd ed..},
language = {eng},
address = {Cambridge, Mass.},
keywords = {Computer programming; Computer algorithms},
lccn = {2009008593},
}

@misc{openmpi,
  author = {{The Open MPI Project}},
  title = {{Open MPI: Open Source High Performance Computing}},
  year = 2019,
  url = {https://www.open-mpi.org},
}

@misc{ifort,
  author = {{Intel}},
  title  = {{Intel Fortran Compiler 18.0 for Linux}},
  year   = 2018,
  url    = {https://software.intel.com/en-us/articles/intel-fortran-compiler-180-for-linux-release-notes-for-intel-parallel-studio-xe-2018}
}

@misc{gfortran,
  author={{GNU Compiler Collection Team}},
  title={{The GNU Fortran Compiler}},
  year=2019,
  url={https://gcc.gnu.org/onlinedocs/gcc-4.8.5/gfortran/}
}

@article{hoare_1961,
 author = {Hoare, C. A. R.},
 title = {Algorithm 64: Quicksort},
 journal = {Commun. ACM},
 issue_date = {July 1961},
 volume = {4},
 number = {7},
 month = jul,
 year = {1961},
 issn = {0001-0782},
 pages = {321--},
 url = {http://doi.acm.org/10.1145/366622.366644},
 doi = {10.1145/366622.366644},
 acmid = {366644},
 publisher = {ACM},
 address = {New York, NY, USA},
}

@misc{omp,
  author = {{OpenMP Architecture Review Board}},
  title = {{OpenMP} Application Program Interface Version 4.5},
  month = november,
  year = 2015,
  url = {https://www.openmp.org/wp-content/uploads/openmp-4.5.pdf}
}

@book{scott,
author = {Scott, David},
year = {2015},
month = {03},
pages = {},
title = {Multivariate Density Estimation: Theory, Practice, and Visualization},
isbn = {9781118575536}
}

@ARTICLE{scipy,
       author = {{Virtanen}, Pauli and {Gommers}, Ralf and {Oliphant},
         Travis E.  and {Haberland}, Matt and {Reddy}, Tyler and
         {Cournapeau}, David and {Burovski}, Evgeni and {Peterson}, Pearu
         and {Weckesser}, Warren and {Bright}, Jonathan and {van der Walt},
         St{\'e}fan J.  and {Brett}, Matthew and {Wilson}, Joshua and
         {Jarrod Millman}, K.  and {Mayorov}, Nikolay and {Nelson}, Andrew
         R.~J. and {Jones}, Eric and {Kern}, Robert and {Larson}, Eric and
         {Carey}, CJ and {Polat}, {\.I}lhan and {Feng}, Yu and {Moore},
         Eric W. and {Vand erPlas}, Jake and {Laxalde}, Denis and
         {Perktold}, Josef and {Cimrman}, Robert and {Henriksen}, Ian and
         {Quintero}, E.~A. and {Harris}, Charles R and {Archibald}, Anne M.
         and {Ribeiro}, Ant{\^o}nio H. and {Pedregosa}, Fabian and
         {van Mulbregt}, Paul and {Contributors}, SciPy 1. 0},
        title = "{SciPy 1.0--Fundamental Algorithms for Scientific
                  Computing in Python}",
      journal = {arXiv e-prints},
         year = "2019",
        month = "Jul",
          eid = {arXiv:1907.10121},
        pages = {arXiv:1907.10121},
archivePrefix = {arXiv},
       eprint = {1907.10121},
 primaryClass = {cs.MS},
       adsurl = {https://ui.adsabs.harvard.edu/abs/2019arXiv190710121V},
      adsnote = {Provided by the SAO/NASA Astrophysics Data System}
}
